@misc{interest_rate,
 title={Данные Банка России по ключевой ставке},
 url={https://cbr.ru/hd_base/keyrate}
}
@article{CurrencyCrisis,
 title={{"Валютный кризис 2014-2015 годов"}},
 journal = {Ведомости},
 year = {2015},
 author={Олег Ицхоки},
 url={https://www.vedomosti.ru/opinion/articles/2015/01/12/valyutnyj-krizis-20142015-gg}
}
@article{War,
 title={"Сбили с курса: как война, санкции, нефть и ЦБ уронили рубль"},
 author={Игуменов В., Тофанюк, Е.},
 journal = {РБК},
 year = {2015},
 url={https://www.rbc.ru/economics/09/02/2015/54d7cccf9a79471f9f83f9dd}
}
@misc{CPI,
 title={Данные Росстата по ИПЦ},
 url={https://rosstat.gov.ru/storage/mediabank/i_ipc_1991-2021.xlsx}
}
@misc{press_release,
 title={Пресс-релизы Банка России},
 url={http://www.cbr.ru/dkp/cal_mp/#t1}
}
